@inproceedings{mockus2000case,
 title={A case study of open source software development: the Apache server},
 author={Mockus, A. and Fielding, R.T. and Herbsleb, J.},
 booktitle={Software Engineering, 2000. Proceedings of the 2000 International Conference on},
 pages={263--272},
 year={2000},
 organization={IEEE}
}

@book{dibona1999open,
 title={Open sources: Voices from the open source revolution},
 author={DiBona, C. and Ockman, S.},
 year={1999},
 publisher={O'Reilly Media, Incorporated}
}

@inproceedings{rumpe2002quantitative,
 title={Quantitative survey on extreme programming projects},
 author={Rumpe, B. and Schr{\"o}der, A.},
 booktitle={Third International Conference on Extreme Programming and Flexible Processes in Software Engineering, XP2002, May},
 pages={26--30},
 year={2002}
}

@article{beck1999embracing,
 title={Embracing change with extreme programming},
 author={Beck, K.},
 journal={Computer},
 volume={32},
 number={10},
 pages={70--77},
 year={1999},
 publisher={IEEE}
}

@article{lakhani2003open,
 title={How open source software works:“free” user-to-user assistance},
 author={Lakhani, K.R. and Von Hippel, E.},
 journal={Research policy},
 volume={32},
 number={6},
 pages={923--943},
 year={2003},
 publisher={Elsevier}
}

@inproceedings{hedberg2007assuring,
 title={Assuring quality and usability in open soruce software development},
 author={Hedberg, H. and Iivari, N. and Rajanen, M. and Harjumaa, L.},
 booktitle={Emerging Trends in FLOSS Research and Development, 2007. FLOSS'07. First International Workshop on},
 pages={2--2},
 year={2007},
 organization={IEEE}
}


